@inproceedings{Kulik2011,
 author = {Kulik, Alexander and Kunert, Andr{\'e} and Beck, Stephan and Reichel, Roman and Blach, Roland and Zink, Armin and Froehlich, Bernd},
 title = {{C1x6: A Stereoscopic Six-user Display for Co-located Collaboration in Shared Virtual Environments}},
 booktitle = {Proceedings of the 2011 SIGGRAPH Asia Conference},
 series = {SA '11},
 year = {2011},
 isbn = {978-1-4503-0807-6},
 location = {Hong Kong, China},
 pages = {188:1--188:12},
 articleno = {188},
 numpages = {12},
 url = {http://doi.acm.org/10.1145/2024156.2024222},
 doi = {10.1145/2024156.2024222},
 acmid = {2024222},
 publisher = {ACM},
 address = {New York, NY, USA},
 keywords = {collaboration, display technology, virtual reality},
}